<?xml version="1.0" encoding="UTF-8"?><collection xmlns="http://www.loc.gov/MARC21/slim"><record><leader>00477nam--2200181-i-4500</leader><controlfield tag="001">000030741</controlfield><controlfield tag="002">20161230</controlfield><controlfield tag="005">20161230201038</controlfield><controlfield tag="008">060222s1000------------r-----000-0-eng-d</controlfield><datafield ind1=" " ind2=" " tag="040"><subfield code="a">IFIN-HH</subfield></datafield><datafield ind1=" " ind2=" " tag="086"><subfield code="a">530.14</subfield></datafield><datafield ind1="1" ind2=" " tag="100"><subfield code="a">Mcconnell, J</subfield></datafield><datafield ind1="1" ind2="0" tag="245"><subfield code="a">Quantum particles dynamics</subfield></datafield><datafield ind1=" " ind2=" " tag="250"><subfield code="a">Second Edition</subfield></datafield><datafield ind1=" " ind2=" " tag="260"><subfield code="a">Amsterdam,, 1960. Xi + 266p</subfield><subfield code="b">North-holland Publishing Company</subfield><subfield code="c">1963</subfield></datafield><datafield ind1=" " ind2=" " tag="300"><subfield code="a">VIII+266 P</subfield></datafield><datafield ind1=" " ind2=" " tag="852"><subfield code="a">13860</subfield><subfield code="c">530.1</subfield></datafield><datafield ind1=" " ind2=" " tag="CAT"><subfield code="a">Sys</subfield><subfield code="c">20160415</subfield><subfield code="h">103859</subfield></datafield></record></collection>